@Article{UnknownDistributions,
  Title                    = {Whereof one cannot speak: When input distributions are unknown},
  Author                   = {Ferson, Scott and Ginzburg, Lev and Ak\c{c}akaya},
  Journal                  = {Applied Biomathematics Report},
  Year                     = {2001},

  Comment                  = {The authors present an alternative to the use of uniform distributions if you know only the range. The method is intriguing: it assumes far less than a uniform distribution actually does. There are of course limitations.},
  Keywords                 = {no-nano, statistics, uncertainty, modelling},
  Owner                    = {markus},
  Timestamp                = {2015.01.06},
  Url                      = {http://www.ramas.com/whereof.pdf}
}

@Electronic{UniformSumDistribution,
  Title                    = {Uniform Sum Distribution},
  Author                   = {Weisstein, Eric W.},
  Url                      = {https://mathworld.wolfram.com/UniformSumDistribution.html}
}

