@Article{SieveEratosthenes,
  author       = {O'Neill, Melissa},
  date         = {2009},
  Year         = {2009},
  pages        = {95-106},
  journaltitle = {Journal of Functional Programming},
  Journal      = {Journal of Functional Programming},
  Volume       = {19},
  title        = {{The Genuine Sieve of Eratosthenes}},
  doi          = {10.1017/S0956796808007004},
  comment      = {Nice article about this ancient device to determine the primes. The programming language of choice is Haskell, but i have used it as a vehicle to consider how this can be done in Fortran.},
  file         = {:programming/Sieve-JFP.pdf:PDF},
  keywords     = {programming, functional-programming, mathematics, primes},
}

