@Article{ConceptOfAgeMarineModelling,
  author       = {Deleersnijder, \'Eric and Campin, Jean-Michel and Delhez, \'Eric J.M.},
  date         = {2001},
  journaltitle = {Journal of Marine Systems},
  title        = {The concept of age in marine modelling. I. Theory and preliminary model results},
  pages        = {229-267},
  volume       = {28},
  keywords     = {modelling, residence-time, water-quality},
}
