% This file was created with JabRef 2.10.
% Encoding: Cp1252


@Article{OnDiscontinousDifferentialEqs,
  Title                    = {On Discontinuous Differential Equation,
Differential Inclusions and Optimal Control},
  Author                   = {Bressan, A. and Shen, W.},
  Journal                  = {Lecture Notes in Nonlinear Analysis},
  Year                     = {1988},
  Pages                    = {73-87},
  Volume                   = {2},

  Owner                    = {markus},
  Timestamp                = {2017.07.13},
  Url                      = {https://math.psu.edu/shen_w/PS/warsaw.pdf}
}

@Article{SolvingODEsDDEs,
  Title                    = {Solving {ODEs} and {DDEs} with Impulses},
  Author                   = {Corwin, S.P. and Thompson, S.},
  Journal                  = {Journal of Numerical Analysis, Industrial and Applied Mathematics},
  Year                     = {2008},
  Pages                    = {139-149},
  Volume                   = {3},

  Owner                    = {markus},
  Timestamp                = {2017.07.13},
  Url                      = {www.jnaiam.net/new/uploads/files/6ee62fd628a32d7ca35c156207478d6b.pdf}
}

@Article{ReviewRecentDevelopments,
  Title                    = {A Review of Recent Developments in Solving ODEs},
  Author                   = {Gupta, G.K. and Sacks-Davis, R. and Tischer, P.E.},
  Journal                  = {Computing Surveys},
  Year                     = {1985},
  Pages                    = {5-47},
  Volume                   = {17},

  Owner                    = {markus},
  Timestamp                = {2017.07.13},
  Url                      = {http://dl.acm.org/citation.cfm?id=4079}
}

@Article{TreatmentDerivativeDiscontinuities,
  Title                    = {The Treatment of Derivative Discontinuities in Differential Equations},
  Author                   = {Paul, C.A.H.},
  Journal                  = {Numerical Analysis Report},
  Year                     = {1999},
  Volume                   = {337},

  Owner                    = {markus},
  Timestamp                = {2017.07.13},
  Url                      = {www.maths.manchester.ac.uk/~chris/reports/rep337.pdf}
}

@TechReport{DiscontinuitiesODEs,
  Title                    = {Discontinuities in ODEs},
  Author                   = {Thomsen, Per Grove},
  Institution              = {IMM, Department of mathematical modelling, Technical University of Denmark},
  Year                     = {2006},
  Number                   = {IMM-rep-2006-7},

  Owner                    = {markus},
  Timestamp                = {2017.07.13},
  Url                      = {orbit.dtu.dk/files/2811979/imm4672.pdf}
}

